<?xml version="1.0" encoding="UTF-8"?><collection xmlns="http://www.loc.gov/MARC21/slim"><record><leader>00337nam--2200121-i-4500</leader><controlfield tag="001">000007423</controlfield><controlfield tag="002">20161230</controlfield><controlfield tag="005">20161230201027</controlfield><controlfield tag="008">060222s1000------------r-----000-0-eng-d</controlfield><datafield ind1=" " ind2=" " tag="100"><subfield code="a">Adams, D.M.And Raynor, J.B</subfield></datafield><datafield ind1=" " ind2=" " tag="245"><subfield code="a">Advanced practical inorganic chemestry</subfield></datafield><datafield ind1=" " ind2=" " tag="260"><subfield code="a">London, John Wiley And Sons, Ltd., 1965 Xiv + 182 P</subfield></datafield><datafield ind1=" " ind2=" " tag="852"><subfield code="a">22379</subfield></datafield></record></collection>